@article{mey21,
	doi = {10.3847/1538-4357/abf93e},
	url = {https://doi.org/10.3847/1538-4357/abf93e},
	year = 2021,
	month = {jun},
	publisher = {American Astronomical Society},
	volume = {913},
	number = {2},
	pages = {136},
	author = {Miriam Meyer and Paul Martini and Arne Schiller and Fabio Zappa and Serge A. Krasnokutski and Paul Scheier},
	title = {Electronic Spectroscopy of Anthracene Cations and Protonated Anthracene in the Search for Carriers of Diffuse Interstellar Bands},
	journal = {The Astrophysical Journal},
}

@article{li21,
	title = {The correct assignment of vibrationally-resolved absorption spectra of protonated anthracene isomers},
	journal = {Spectrochimica Acta Part A: Molecular and Biomolecular Spectroscopy},
	volume = {244},
	pages = {118832},
	year = {2021},
	issn = {1386-1425},
	doi = {https://doi.org/10.1016/j.saa.2020.118832},
	url = {https://www.sciencedirect.com/science/article/pii/S1386142520308118},
	author = {Junfeng Li and Yi Luo},
}

@article{kre19,
author = {Krechkivska, Olha and Wilcox, Callan M. and Nauta, Klaas and Kable, Scott H. and Schmidt, Timothy W.},
title = {Quantum-Induced Symmetry Breaking in the Deuterated Dihydroanthracenyl Radical},
journal = {The Journal of Physical Chemistry A},
volume = {123},
number = {31},
pages = {6711-6719},
year = {2019},
doi = {10.1021/acs.jpca.9b04561},
URL = { 
        https://doi.org/10.1021/acs.jpca.9b04561},

}

@article{cam15,
	author = {Campbell, E. K. and Holz, M. and Gerlich, D. and Maier, J. P.},
	title = {Laboratory confirmation of C60+ as the carrier of two diffuse interstellar bands},
	journal = {Nature},
	volume = {523},
	pages = {322-323},
	year = {2015},
	doi = {10.1038/nature14566},
	URL = { 
	https://www.nature.com/articles/nature14566},
	
}

@article{kre13,
	author = {Krechkivska, Olha and Liu, Yu and Lee, Kin Long Kelvin and Nauta, Klaas and Kable, Scott H. and Schmidt, Timothy W.},
	title = {Triple-Resonance Spectroscopy Reveals the Excitation Spectrum of Very Cold, Isomer-Specific Protonated Naphthalene},
	journal = {The Journal of Physical Chemistry Letters},
	volume = {4},
	number = {21},
	pages = {3728-3732},
	year = {2013},
	doi = {10.1021/jz401986t},
	URL = { 
	https://doi.org/10.1021/jz401986t},
	
}

@article{gar11,
	doi = {10.1088/0004-637x/728/2/131},
	url = {https://doi.org/10.1088/0004-637x/728/2/131},
	year = 2011,
	month = {jan},
	publisher = {American Astronomical Society},
	volume = {728},
	number = {2},
	pages = {131},
	author = {Iryna Garkusha and Jan Fulara and Adam Nagy and John P. Maier},
	title = {{ELECTRONIC} {ABSORPTION} {SPECTRA} {OF} {PROTONATED} {ANTHRACENES} {AND} {PHENANTHRENES}, {AND} {THEIR} {NEUTRALS} {IN} {NEON} {MATRICES}},
	journal = {The Astrophysical Journal}
}

@article{ala10,
	author = {Alata, Ivan and Dedonder, Claude and Broquier, Michel and Marceca, Ernesto and Jouvet, Christophe},
	title = {Role of the Charge-Transfer State in the Electronic Absorption of Protonated Hydrocarbon Molecules},
	journal = {Journal of the American Chemical Society},
	volume = {132},
	number = {49},
	pages = {17483-17489},
	year = {2010},
	doi = {10.1021/ja106424f},
	URL = { 
	https://doi.org/10.1021/ja106424f}
	
}

@article{joc99,
	doi = {10.1086/306752},
	url = {https://doi.org/10.1086/306752},
	year = 1999,
	month = {feb},
	publisher = {American Astronomical Society},
	volume = {512},
	number = {1},
	pages = {500--510},
	author = {H. W. Jochims and H. Baumgartel and S. Leach},
	title = {Structure-dependent Photostability of Polycyclic Aromatic Hydrocarbon Cations: Laboratory Studies and Astrophysical Implications},
	journal = {The Astrophysical Journal},
}

@ARTICLE{joc94,
	author = {{Jochims}, H.~W. and {Ruhl}, E. and {Baumgartel}, H. and {Tobita}, S. and {Leach}, S.},
	title = "{Size Effects on Dissociation Rates of Polycyclic Aromatic Hydrocarbon Cations: Laboratory Studies and Astrophysical Implications}",
	journal = {\apj},
	keywords = {Cations, Interstellar Matter, Molecular Clouds, Photodissociation, Polycyclic Aromatic Hydrocarbons, Astrophysics, Emission Spectra, Internal Energy, Reaction Kinetics, Astrophysics, ISM: MOLECULES, MOLECULAR PROCESSES, TECHNIQUES: SPECTROSCOPIC, ULTRAVIOLET: ISM},
	year = 1994,
	month = jan,
	volume = {420},
	pages = {307},
	doi = {10.1086/173560},
	adsurl = {https://ui.adsabs.harvard.edu/abs/1994ApJ...420..307J},
	adsnote = {Provided by the SAO/NASA Astrophysics Data System}
}